<?xml version="1.0" encoding="UTF-8"?>
  <record xmlns="http://www.loc.gov/MARC21/slim" type="Authority">
    <leader>00000nz  a2200000nc 4500</leader>
    <controlfield tag="001">118598325</controlfield>
    <controlfield tag="003">DE-101</controlfield>
    <controlfield tag="005">20200714080038.0</controlfield>
    <controlfield tag="008">880701n||azznnaabn           | aaa    |c</controlfield>
    <datafield tag="024" ind1="7" ind2=" ">
      <subfield code="a">118598325</subfield>
      <subfield code="0">http://d-nb.info/gnd/118598325</subfield>
      <subfield code="2">gnd</subfield>
    </datafield>
    <datafield tag="035" ind1=" " ind2=" ">
      <subfield code="a">(DE-101)118598325</subfield>
    </datafield>
    <datafield tag="035" ind1=" " ind2=" ">
      <subfield code="a">(DE-588)118598325</subfield>
    </datafield>
    <datafield tag="035" ind1=" " ind2=" ">
      <subfield code="z">(DE-588a)118598325</subfield>
      <subfield code="9">v:zg</subfield>
    </datafield>
    <datafield tag="035" ind1=" " ind2=" ">
      <subfield code="z">(DE-588c)4048430-0</subfield>
      <subfield code="9">v:zg</subfield>
    </datafield>
    <datafield tag="040" ind1=" " ind2=" ">
      <subfield code="a">DE-101</subfield>
      <subfield code="c">DE-101</subfield>
      <subfield code="9">r:DE-101</subfield>
      <subfield code="b">ger</subfield>
      <subfield code="d">1601</subfield>
    </datafield>
    <datafield tag="042" ind1=" " ind2=" ">
      <subfield code="a">gnd1</subfield>
    </datafield>
    <datafield tag="043" ind1=" " ind2=" ">
      <subfield code="c">XA-FR</subfield>
    </datafield>
    <datafield tag="065" ind1=" " ind2=" ">
      <subfield code="a">3.1p</subfield>
      <subfield code="2">sswd</subfield>
    </datafield>
    <datafield tag="065" ind1=" " ind2=" ">
      <subfield code="a">7.14p</subfield>
      <subfield code="2">sswd</subfield>
    </datafield>
    <datafield tag="075" ind1=" " ind2=" ">
      <subfield code="b">p</subfield>
      <subfield code="2">gndgen</subfield>
    </datafield>
    <datafield tag="075" ind1=" " ind2=" ">
      <subfield code="b">piz</subfield>
      <subfield code="2">gndspec</subfield>
    </datafield>
    <datafield tag="079" ind1=" " ind2=" ">
      <subfield code="a">g</subfield>
      <subfield code="q">s</subfield>
      <subfield code="q">f</subfield>
      <subfield code="q">e</subfield>
      <subfield code="q">n</subfield>
      <subfield code="q">a</subfield>
      <subfield code="u">v</subfield>
      <subfield code="u">w</subfield>
      <subfield code="u">o</subfield>
    </datafield>
    <datafield tag="100" ind1="0" ind2=" ">
      <subfield code="a">Shelomoh ben Yitsḥaḳ</subfield>
      <subfield code="d">1040-1105</subfield>
    </datafield>
    <datafield tag="400" ind1="0" ind2=" ">
      <subfield code="a">Raschi</subfield>
      <subfield code="c">of Troyes</subfield>
      <subfield code="d">1040-1105</subfield>
    </datafield>
    <datafield tag="400" ind1="0" ind2=" ">
      <subfield code="a">Ben Isaac</subfield>
      <subfield code="d">1040-1105</subfield>
    </datafield>
    <datafield tag="400" ind1="1" ind2=" ">
      <subfield code="a">Ben-Yitsḥaḳ, Shelomoh</subfield>
      <subfield code="d">1040-1105</subfield>
    </datafield>
    <datafield tag="400" ind1="1" ind2=" ">
      <subfield code="a">Ben-Yiṣḥāq, Šelomo</subfield>
      <subfield code="d">1040-1105</subfield>
    </datafield>
    <datafield tag="400" ind1="1" ind2=" ">
      <subfield code="a">Jizchak, Salomon</subfield>
      <subfield code="d">1040-1105</subfield>
    </datafield>
    <datafield tag="400" ind1="1" ind2=" ">
      <subfield code="a">Yitzahki, Chlomo</subfield>
      <subfield code="d">1040-1105</subfield>
    </datafield>
    <datafield tag="400" ind1="1" ind2=" ">
      <subfield code="a">Yitsḥaḳi, Shelomoh</subfield>
      <subfield code="d">1040-1105</subfield>
    </datafield>
    <datafield tag="400" ind1="0" ind2=" ">
      <subfield code="a">Salomo</subfield>
      <subfield code="c">Ben Isaak</subfield>
      <subfield code="d">1040-1105</subfield>
    </datafield>
    <datafield tag="400" ind1="0" ind2=" ">
      <subfield code="a">Salomo Ben Isak</subfield>
      <subfield code="d">1040-1105</subfield>
    </datafield>
    <datafield tag="400" ind1="0" ind2=" ">
      <subfield code="a">Salomo</subfield>
      <subfield code="c">Ben Isak</subfield>
      <subfield code="d">1040-1105</subfield>
    </datafield>
    <datafield tag="400" ind1="0" ind2=" ">
      <subfield code="a">Salomo ben-Jizchak</subfield>
      <subfield code="d">1040-1105</subfield>
    </datafield>
    <datafield tag="400" ind1="0" ind2=" ">
      <subfield code="a">Salomon</subfield>
      <subfield code="c">Ben Isaac</subfield>
      <subfield code="d">1040-1105</subfield>
    </datafield>
    <datafield tag="400" ind1="0" ind2=" ">
      <subfield code="a">Salomon</subfield>
      <subfield code="c">Jizchaki</subfield>
      <subfield code="d">1040-1105</subfield>
    </datafield>
    <datafield tag="400" ind1="0" ind2=" ">
      <subfield code="a">Salomon Izḥaqi</subfield>
      <subfield code="d">1040-1105</subfield>
    </datafield>
    <datafield tag="400" ind1="0" ind2=" ">
      <subfield code="a">Shlomo ben Itsh'ak HaTsarfati</subfield>
      <subfield code="d">1040-1105</subfield>
    </datafield>
    <datafield tag="400" ind1="0" ind2=" ">
      <subfield code="a">Salomon</subfield>
      <subfield code="c">Isacides</subfield>
      <subfield code="d">1040-1105</subfield>
    </datafield>
    <datafield tag="400" ind1="0" ind2=" ">
      <subfield code="a">Salomon Jarchi</subfield>
      <subfield code="d">1040-1105</subfield>
    </datafield>
    <datafield tag="400" ind1="0" ind2=" ">
      <subfield code="a">Schelomo</subfield>
      <subfield code="c">Ben Isaak</subfield>
      <subfield code="d">1040-1105</subfield>
    </datafield>
    <datafield tag="400" ind1="0" ind2=" ">
      <subfield code="a">Schelomo Jizchakĭ</subfield>
      <subfield code="d">1040-1105</subfield>
    </datafield>
    <datafield tag="400" ind1="0" ind2=" ">
      <subfield code="a">S̆elomoh Jiṣḥagi</subfield>
      <subfield code="d">1040-1105</subfield>
    </datafield>
    <datafield tag="400" ind1="0" ind2=" ">
      <subfield code="a">S̆elòmò Jishāgi</subfield>
      <subfield code="d">1040-1105</subfield>
    </datafield>
    <datafield tag="400" ind1="0" ind2=" ">
      <subfield code="a">Šelōmō Jiṣḥāqī</subfield>
      <subfield code="d">1040-1105</subfield>
    </datafield>
    <datafield tag="400" ind1="0" ind2=" ">
      <subfield code="a">Šelōmō Ben-Jiṣḥāq</subfield>
      <subfield code="d">1040-1105</subfield>
    </datafield>
    <datafield tag="400" ind1="0" ind2=" ">
      <subfield code="a">Solomon Ben-Isaac</subfield>
      <subfield code="d">1040-1105</subfield>
    </datafield>
    <datafield tag="400" ind1="0" ind2=" ">
      <subfield code="a">Solomon Izhaki</subfield>
      <subfield code="d">1040-1105</subfield>
    </datafield>
    <datafield tag="400" ind1="0" ind2=" ">
      <subfield code="a">Shlomo Izhaqi</subfield>
      <subfield code="d">1040-1105</subfield>
    </datafield>
    <datafield tag="400" ind1="0" ind2=" ">
      <subfield code="a">Schlomo Ben Jizchak</subfield>
      <subfield code="d">1040-1105</subfield>
    </datafield>
    <datafield tag="400" ind1="0" ind2=" ">
      <subfield code="a">Schlomoh Ben Jitz'chak</subfield>
      <subfield code="d">1040-1105</subfield>
    </datafield>
    <datafield tag="400" ind1="0" ind2=" ">
      <subfield code="a">Salomo Jarchius</subfield>
      <subfield code="d">1040-1105</subfield>
    </datafield>
    <datafield tag="400" ind1="0" ind2=" ">
      <subfield code="a">Salomon</subfield>
      <subfield code="c">Jarhius</subfield>
      <subfield code="d">1040-1105</subfield>
    </datafield>
    <datafield tag="400" ind1="0" ind2=" ">
      <subfield code="a">Salomon</subfield>
      <subfield code="c">Yarchi</subfield>
      <subfield code="d">1040-1105</subfield>
    </datafield>
    <datafield tag="400" ind1="0" ind2=" ">
      <subfield code="a">Salomon Jarchius</subfield>
      <subfield code="d">1040-1105</subfield>
    </datafield>
    <datafield tag="400" ind1="0" ind2=" ">
      <subfield code="a">Salomon Jarhius</subfield>
      <subfield code="d">1040-1105</subfield>
    </datafield>
    <datafield tag="400" ind1="0" ind2=" ">
      <subfield code="a">Šelōmō Jarḥī</subfield>
      <subfield code="d">1040-1105</subfield>
    </datafield>
    <datafield tag="400" ind1="0" ind2=" ">
      <subfield code="a">Šelōmō Yarḥî</subfield>
      <subfield code="d">1040-1105</subfield>
    </datafield>
    <datafield tag="400" ind1="0" ind2=" ">
      <subfield code="a">Salomon</subfield>
      <subfield code="c">Paschandatha</subfield>
      <subfield code="d">1040-1105</subfield>
    </datafield>
    <datafield tag="400" ind1="0" ind2=" ">
      <subfield code="a">Salomo Lunotici</subfield>
      <subfield code="d">1040-1105</subfield>
    </datafield>
    <datafield tag="400" ind1="0" ind2=" ">
      <subfield code="a">Šelomo ben Yiṣḥaq</subfield>
      <subfield code="d">1040-1105</subfield>
      <subfield code="9">v:(VD-16)</subfield>
    </datafield>
    <datafield tag="400" ind1="0" ind2=" ">
      <subfield code="a">Šelomo ben Yiṣḥāq</subfield>
      <subfield code="d">1040-1105</subfield>
      <subfield code="9">v:(VD-16)</subfield>
    </datafield>
    <datafield tag="400" ind1="0" ind2=" ">
      <subfield code="a">Shelomo Ben Yitsḥaḳ</subfield>
      <subfield code="d">1040-1105</subfield>
    </datafield>
    <datafield tag="400" ind1="0" ind2=" ">
      <subfield code="a">Salomo Ben Isaak</subfield>
      <subfield code="d">1040-1105</subfield>
    </datafield>
    <datafield tag="400" ind1="0" ind2=" ">
      <subfield code="a">Salomon Ben Isaak</subfield>
      <subfield code="d">1040-1105</subfield>
    </datafield>
    <datafield tag="400" ind1="0" ind2=" ">
      <subfield code="a">Schelomo ben Isaak</subfield>
      <subfield code="d">1040-1105</subfield>
    </datafield>
    <datafield tag="400" ind1="0" ind2=" ">
      <subfield code="a">Šelomo Ben-Yiṣḥāq</subfield>
      <subfield code="d">1040-1105</subfield>
    </datafield>
    <datafield tag="400" ind1="0" ind2=" ">
      <subfield code="a">Shelomoh Ben-Yitsḥaḳ</subfield>
      <subfield code="d">1040-1105</subfield>
    </datafield>
    <datafield tag="400" ind1="0" ind2=" ">
      <subfield code="a">Shelomoh Yitsḥaḳi</subfield>
      <subfield code="d">1040-1105</subfield>
    </datafield>
    <datafield tag="400" ind1="0" ind2=" ">
      <subfield code="a">Schlomo Ben Jitzʹchak-Raschi</subfield>
      <subfield code="d">1040-1105</subfield>
    </datafield>
    <datafield tag="400" ind1="0" ind2=" ">
      <subfield code="a">Shelomoh Yitzhaki</subfield>
      <subfield code="d">1040-1105</subfield>
    </datafield>
    <datafield tag="400" ind1="0" ind2=" ">
      <subfield code="a">Schlomo Jizchaki</subfield>
      <subfield code="d">1040-1105</subfield>
    </datafield>
    <datafield tag="400" ind1="0" ind2=" ">
      <subfield code="a">Šĕlōmō Ben-Yishāq</subfield>
      <subfield code="d">1040-1105</subfield>
    </datafield>
    <datafield tag="400" ind1="0" ind2=" ">
      <subfield code="a">Šelomoh ben Jiṣḥaq</subfield>
      <subfield code="d">1040-1105</subfield>
    </datafield>
    <datafield tag="400" ind1="0" ind2=" ">
      <subfield code="a">Schlomoh ben Jitzʹchak</subfield>
      <subfield code="d">1040-1105</subfield>
    </datafield>
    <datafield tag="400" ind1="0" ind2=" ">
      <subfield code="a">Shlomoh ben Yitzchak</subfield>
      <subfield code="d">1040-1105</subfield>
    </datafield>
    <datafield tag="400" ind1="0" ind2=" ">
      <subfield code="a">Shelomo ben Yitzchak</subfield>
      <subfield code="d">1040-1105</subfield>
    </datafield>
    <datafield tag="400" ind1="0" ind2=" ">
      <subfield code="a">Salomo ben Isaak</subfield>
      <subfield code="d">1040-1105</subfield>
    </datafield>
    <datafield tag="400" ind1="0" ind2=" ">
      <subfield code="a">Schelomo Jizchaki</subfield>
      <subfield code="d">1040-1105</subfield>
    </datafield>
    <datafield tag="400" ind1="0" ind2=" ">
      <subfield code="a">Salomon ben Isaac</subfield>
      <subfield code="d">1040-1105</subfield>
    </datafield>
    <datafield tag="400" ind1="0" ind2=" ">
      <subfield code="a">Shelomoh ben Yitshak</subfield>
      <subfield code="d">1040-1105</subfield>
    </datafield>
    <datafield tag="400" ind1="0" ind2=" ">
      <subfield code="a">R.Sh.Y.</subfield>
      <subfield code="d">1040-1105</subfield>
    </datafield>
    <datafield tag="400" ind1="0" ind2=" ">
      <subfield code="a">RaŠ"Y</subfield>
      <subfield code="d">1040-1105</subfield>
    </datafield>
    <datafield tag="400" ind1="0" ind2=" ">
      <subfield code="a">Rašî</subfield>
      <subfield code="d">1040-1105</subfield>
    </datafield>
    <datafield tag="400" ind1="0" ind2=" ">
      <subfield code="a">Rashi</subfield>
      <subfield code="d">1040-1105</subfield>
    </datafield>
    <datafield tag="400" ind1="0" ind2=" ">
      <subfield code="a">Rachi</subfield>
      <subfield code="d">1040-1105</subfield>
    </datafield>
    <datafield tag="400" ind1="0" ind2=" ">
      <subfield code="a">Raschi</subfield>
      <subfield code="d">1040-1105</subfield>
      <subfield code="9">v:Akronym für Rabbi Schlomo ben Jizchak</subfield>
    </datafield>
    <datafield tag="400" ind1="0" ind2=" ">
      <subfield code="a">Rašʺi</subfield>
      <subfield code="d">1040-1105</subfield>
    </datafield>
    <datafield tag="400" ind1="1" ind2=" ">
      <subfield code="a">Raschi, Salomon bar Isaak</subfield>
      <subfield code="d">1040-1105</subfield>
    </datafield>
    <datafield tag="400" ind1="1" ind2=" ">
      <subfield code="a">Raši, Šlomo Icchaki</subfield>
      <subfield code="d">1040-1105</subfield>
    </datafield>
    <datafield tag="400" ind1="1" ind2=" ">
      <subfield code="a">Rachi, Chelomoh ben Isaac</subfield>
      <subfield code="d">1040-1105</subfield>
    </datafield>
    <datafield tag="400" ind1="1" ind2=" ">
      <subfield code="a">Raschi, Salomon</subfield>
      <subfield code="d">1040-1105</subfield>
    </datafield>
    <datafield tag="400" ind1="1" ind2=" ">
      <subfield code="a">Raschi, Salomo Ben Isaak</subfield>
      <subfield code="d">1040-1105</subfield>
    </datafield>
    <datafield tag="400" ind1="1" ind2=" ">
      <subfield code="a">Jarchi, Solomo</subfield>
      <subfield code="d">1040-1105</subfield>
    </datafield>
    <datafield tag="400" ind1="1" ind2=" ">
      <subfield code="a">Jarchi, Salomon</subfield>
      <subfield code="d">1040-1105</subfield>
    </datafield>
    <datafield tag="400" ind1="1" ind2=" ">
      <subfield code="a">Jarchi, Solomon</subfield>
      <subfield code="d">1040-1105</subfield>
    </datafield>
    <datafield tag="400" ind1="1" ind2=" ">
      <subfield code="a">Jarchi, Schelomo</subfield>
      <subfield code="d">1040-1105</subfield>
    </datafield>
    <datafield tag="400" ind1="1" ind2=" ">
      <subfield code="a">Jarchius, Schelomo</subfield>
      <subfield code="d">1040-1105</subfield>
    </datafield>
    <datafield tag="400" ind1="1" ind2=" ">
      <subfield code="a">Jarchius, Salomo</subfield>
      <subfield code="d">1040-1105</subfield>
    </datafield>
    <datafield tag="400" ind1="1" ind2=" ">
      <subfield code="a">Jarchius, Salomon</subfield>
      <subfield code="d">1040-1105</subfield>
    </datafield>
    <datafield tag="400" ind1="1" ind2=" ">
      <subfield code="a">Iarhi, Schelomo</subfield>
      <subfield code="d">1040-1105</subfield>
    </datafield>
    <datafield tag="400" ind1="1" ind2=" ">
      <subfield code="a">Iarhi, Salomo</subfield>
      <subfield code="d">1040-1105</subfield>
    </datafield>
    <datafield tag="400" ind1="1" ind2=" ">
      <subfield code="a">Jarchi, Salomo</subfield>
      <subfield code="d">1040-1105</subfield>
    </datafield>
    <datafield tag="400" ind1="0" ind2=" ">
      <subfield code="9">U:Hebr</subfield>
      <subfield code="a">רשʺי</subfield>
      <subfield code="d">1040-1105</subfield>
    </datafield>
    <datafield tag="400" ind1="0" ind2=" ">
      <subfield code="9">U:Hebr</subfield>
      <subfield code="a">רשʺי</subfield>
      <subfield code="c">מטרואה</subfield>
      <subfield code="d">1040-1105</subfield>
    </datafield>
    <datafield tag="400" ind1="0" ind2=" ">
      <subfield code="9">U:Hebr</subfield>
      <subfield code="a">רש"י</subfield>
      <subfield code="d">1040-1105</subfield>
      <subfield code="5">DE-603</subfield>
    </datafield>
    <datafield tag="400" ind1="1" ind2=" ">
      <subfield code="9">U:Hebr</subfield>
      <subfield code="a">בן-יצחק, שלמה</subfield>
      <subfield code="d">1040-1105</subfield>
      <subfield code="5">DE-603</subfield>
    </datafield>
    <datafield tag="400" ind1="1" ind2=" ">
      <subfield code="9">U:Hebr</subfield>
      <subfield code="a">יצחק, שלמה</subfield>
      <subfield code="d">1040-1105</subfield>
    </datafield>
    <datafield tag="400" ind1="1" ind2=" ">
      <subfield code="9">U:Hebr</subfield>
      <subfield code="a">יצחקי, שלמה</subfield>
      <subfield code="d">1040-1105</subfield>
    </datafield>
    <datafield tag="400" ind1="0" ind2=" ">
      <subfield code="9">U:Hebr</subfield>
      <subfield code="a">שלמה בן יצחק</subfield>
      <subfield code="d">1040-1105</subfield>
    </datafield>
    <datafield tag="400" ind1="0" ind2=" ">
      <subfield code="9">U:Hebr</subfield>
      <subfield code="a">ראש״י</subfield>
      <subfield code="d">1040-1105</subfield>
    </datafield>
    <datafield tag="400" ind1="0" ind2=" ">
      <subfield code="9">U:Hebr</subfield>
      <subfield code="a">רשי</subfield>
      <subfield code="d">1040-1105</subfield>
    </datafield>
    <datafield tag="500" ind1="1" ind2=" ">
      <subfield code="0">(DE-101)138870845</subfield>
      <subfield code="0">(DE-588)138870845</subfield>
      <subfield code="0">https://d-nb.info/gnd/138870845</subfield>
      <subfield code="a">Tam, Jacob ben Meir</subfield>
      <subfield code="d">1100-1171</subfield>
      <subfield code="4">bezf</subfield>
      <subfield code="4">https://d-nb.info/standards/elementset/gnd#familialRelationship</subfield>
      <subfield code="w">r</subfield>
      <subfield code="i">Beziehung familiaer</subfield>
      <subfield code="e">Beziehung familiaer</subfield>
      <subfield code="9">v:Enkel</subfield>
    </datafield>
    <datafield tag="500" ind1="0" ind2=" ">
      <subfield code="a">Āšēr ben Yehîʾēl</subfield>
      <subfield code="4">beza</subfield>
      <subfield code="4">https://d-nb.info/standards/elementset/gnd#acquaintanceshipOrFriendship</subfield>
      <subfield code="w">r</subfield>
      <subfield code="i">Bekanntschaft</subfield>
      <subfield code="e">Bekanntschaft</subfield>
      <subfield code="9">v:VD-16 Mitverf.</subfield>
    </datafield>
    <datafield tag="500" ind1="0" ind2=" ">
      <subfield code="a">Nissîm ben Reʾûvēn Gērôndi</subfield>
      <subfield code="4">beza</subfield>
      <subfield code="4">https://d-nb.info/standards/elementset/gnd#acquaintanceshipOrFriendship</subfield>
      <subfield code="w">r</subfield>
      <subfield code="i">Bekanntschaft</subfield>
      <subfield code="e">Bekanntschaft</subfield>
      <subfield code="9">v:VD-16 Mitverf.</subfield>
    </datafield>
    <datafield tag="500" ind1="1" ind2=" ">
      <subfield code="0">(DE-101)118646605</subfield>
      <subfield code="0">(DE-588)118646605</subfield>
      <subfield code="0">https://d-nb.info/gnd/118646605</subfield>
      <subfield code="a">Ibn-Daʾud, Avraham ben Daṿid &#152;ha-Leṿi&#156;</subfield>
      <subfield code="d">1110-1180</subfield>
      <subfield code="4">beza</subfield>
      <subfield code="4">https://d-nb.info/standards/elementset/gnd#acquaintanceshipOrFriendship</subfield>
      <subfield code="w">r</subfield>
      <subfield code="i">Bekanntschaft</subfield>
      <subfield code="e">Bekanntschaft</subfield>
      <subfield code="9">v:VD-16 Mitverf.</subfield>
    </datafield>
    <datafield tag="500" ind1="1" ind2=" ">
      <subfield code="0">(DE-101)129770205</subfield>
      <subfield code="0">(DE-588)129770205</subfield>
      <subfield code="0">https://d-nb.info/gnd/129770205</subfield>
      <subfield code="a">Marini, Marco</subfield>
      <subfield code="d">1541-1594</subfield>
      <subfield code="4">beza</subfield>
      <subfield code="4">https://d-nb.info/standards/elementset/gnd#acquaintanceshipOrFriendship</subfield>
      <subfield code="w">r</subfield>
      <subfield code="i">Bekanntschaft</subfield>
      <subfield code="e">Bekanntschaft</subfield>
      <subfield code="9">v:VD-16 Mitverf.</subfield>
    </datafield>
    <datafield tag="500" ind1="0" ind2=" ">
      <subfield code="0">(DE-101)119875888</subfield>
      <subfield code="0">(DE-588)119875888</subfield>
      <subfield code="0">https://d-nb.info/gnd/119875888</subfield>
      <subfield code="a">Yehuda ben Nātān</subfield>
      <subfield code="4">beza</subfield>
      <subfield code="4">https://d-nb.info/standards/elementset/gnd#acquaintanceshipOrFriendship</subfield>
      <subfield code="w">r</subfield>
      <subfield code="i">Bekanntschaft</subfield>
      <subfield code="e">Bekanntschaft</subfield>
      <subfield code="9">v:VD-16 Mitverf.</subfield>
    </datafield>
    <datafield tag="500" ind1="1" ind2=" ">
      <subfield code="0">(DE-101)119600935</subfield>
      <subfield code="0">(DE-588)119600935</subfield>
      <subfield code="0">https://d-nb.info/gnd/119600935</subfield>
      <subfield code="a">Adam, Michael</subfield>
      <subfield code="d">ca. 1. Hälfte 16. Jh</subfield>
      <subfield code="4">beza</subfield>
      <subfield code="4">https://d-nb.info/standards/elementset/gnd#acquaintanceshipOrFriendship</subfield>
      <subfield code="w">r</subfield>
      <subfield code="i">Bekanntschaft</subfield>
      <subfield code="e">Bekanntschaft</subfield>
      <subfield code="9">v:VD-16 Mitverf.</subfield>
    </datafield>
    <datafield tag="500" ind1="0" ind2=" ">
      <subfield code="a">Yehôšua Boʿaz</subfield>
      <subfield code="4">beza</subfield>
      <subfield code="4">https://d-nb.info/standards/elementset/gnd#acquaintanceshipOrFriendship</subfield>
      <subfield code="w">r</subfield>
      <subfield code="i">Bekanntschaft</subfield>
      <subfield code="e">Bekanntschaft</subfield>
      <subfield code="9">v:VD-16 Mitverf.</subfield>
    </datafield>
    <datafield tag="500" ind1="0" ind2=" ">
      <subfield code="a">Yaʿaqôv ben Āšer</subfield>
      <subfield code="4">beza</subfield>
      <subfield code="4">https://d-nb.info/standards/elementset/gnd#acquaintanceshipOrFriendship</subfield>
      <subfield code="w">r</subfield>
      <subfield code="i">Bekanntschaft</subfield>
      <subfield code="e">Bekanntschaft</subfield>
      <subfield code="9">v:VD-16 Mitverf.</subfield>
    </datafield>
    <datafield tag="500" ind1="0" ind2=" ">
      <subfield code="a">Šemûʾēl ben Mēʾîr</subfield>
      <subfield code="4">beza</subfield>
      <subfield code="4">https://d-nb.info/standards/elementset/gnd#acquaintanceshipOrFriendship</subfield>
      <subfield code="w">r</subfield>
      <subfield code="i">Bekanntschaft</subfield>
      <subfield code="e">Bekanntschaft</subfield>
      <subfield code="9">v:VD-16 Mitverf.</subfield>
    </datafield>
    <datafield tag="500" ind1="0" ind2=" ">
      <subfield code="0">(DE-101)1140543059</subfield>
      <subfield code="0">(DE-588)1140543059</subfield>
      <subfield code="0">https://d-nb.info/gnd/1140543059</subfield>
      <subfield code="a">Pseudo-Raschi</subfield>
      <subfield code="4">rela</subfield>
      <subfield code="4">https://d-nb.info/standards/elementset/gnd#relatedPerson</subfield>
      <subfield code="w">r</subfield>
      <subfield code="i">Relation allgemein</subfield>
      <subfield code="e">Relation allgemein</subfield>
    </datafield>
    <datafield tag="548" ind1=" " ind2=" ">
      <subfield code="a">1040-1105</subfield>
      <subfield code="4">datl</subfield>
      <subfield code="4">https://d-nb.info/standards/elementset/gnd#dateOfBirthAndDeath</subfield>
      <subfield code="w">r</subfield>
      <subfield code="i">Lebensdaten</subfield>
    </datafield>
    <datafield tag="548" ind1=" " ind2=" ">
      <subfield code="a">22.02.1040-13.07.1105</subfield>
      <subfield code="4">datx</subfield>
      <subfield code="4">https://d-nb.info/standards/elementset/gnd#dateOfBirthAndDeath</subfield>
      <subfield code="w">r</subfield>
      <subfield code="i">Exakte Lebensdaten</subfield>
    </datafield>
    <datafield tag="550" ind1=" " ind2=" ">
      <subfield code="0">(DE-101)041767519</subfield>
      <subfield code="0">(DE-588)4176751-2</subfield>
      <subfield code="0">https://d-nb.info/gnd/4176751-2</subfield>
      <subfield code="a">Rabbiner</subfield>
      <subfield code="4">berc</subfield>
      <subfield code="4">https://d-nb.info/standards/elementset/gnd#professionOrOccupation</subfield>
      <subfield code="w">r</subfield>
      <subfield code="i">Charakteristischer Beruf</subfield>
    </datafield>
    <datafield tag="550" ind1=" " ind2=" ">
      <subfield code="0">(DE-101)951500015</subfield>
      <subfield code="0">(DE-588)4469962-1</subfield>
      <subfield code="0">https://d-nb.info/gnd/4469962-1</subfield>
      <subfield code="a">Religionswissenschaftler</subfield>
      <subfield code="4">beru</subfield>
      <subfield code="4">https://d-nb.info/standards/elementset/gnd#professionOrOccupation</subfield>
      <subfield code="w">r</subfield>
      <subfield code="i">Beruf</subfield>
    </datafield>
    <datafield tag="551" ind1=" " ind2=" ">
      <subfield code="0">(DE-101)040610349</subfield>
      <subfield code="0">(DE-588)4061034-2</subfield>
      <subfield code="0">https://d-nb.info/gnd/4061034-2</subfield>
      <subfield code="a">Troyes</subfield>
      <subfield code="4">ortg</subfield>
      <subfield code="4">https://d-nb.info/standards/elementset/gnd#placeOfBirth</subfield>
      <subfield code="w">r</subfield>
      <subfield code="i">Geburtsort</subfield>
    </datafield>
    <datafield tag="551" ind1=" " ind2=" ">
      <subfield code="0">(DE-101)040610349</subfield>
      <subfield code="0">(DE-588)4061034-2</subfield>
      <subfield code="0">https://d-nb.info/gnd/4061034-2</subfield>
      <subfield code="a">Troyes</subfield>
      <subfield code="4">orts</subfield>
      <subfield code="4">https://d-nb.info/standards/elementset/gnd#placeOfDeath</subfield>
      <subfield code="w">r</subfield>
      <subfield code="i">Sterbeort</subfield>
    </datafield>
    <datafield tag="667" ind1=" " ind2=" ">
      <subfield code="a">12-PMA</subfield>
    </datafield>
    <datafield tag="667" ind1=" " ind2=" ">
      <subfield code="a">12</subfield>
    </datafield>
    <datafield tag="667" ind1=" " ind2=" ">
      <subfield code="a">VD-17</subfield>
    </datafield>
    <datafield tag="667" ind1=" " ind2=" ">
      <subfield code="a">VD-16</subfield>
    </datafield>
    <datafield tag="667" ind1=" " ind2=" ">
      <subfield code="a">Maschinell verknuepft mit DBL-Retro-Titeldaten; Red. SSG</subfield>
    </datafield>
    <datafield tag="667" ind1=" " ind2=" ">
      <subfield code="a">LCAuth + Translit. n. KIDS. Rašʺi ist ein Acronym von Rabbi Šelomo Yiṣḥaqi.</subfield>
    </datafield>
    <datafield tag="667" ind1=" " ind2=" ">
      <subfield code="a">Quelle: DNB-Normdaten (HBZ) (Info DNB: Z: 1040-1105 D: Jüd. Religionswissenschaftler aus Troyes, bedeutendster jüd. Talmud- und Bibelkommentator)</subfield>
    </datafield>
    <datafield tag="670" ind1=" " ind2=" ">
      <subfield code="a">LMA,VII,445/46</subfield>
    </datafield>
    <datafield tag="670" ind1=" " ind2=" ">
      <subfield code="a">Enc. Jud.</subfield>
    </datafield>
    <datafield tag="670" ind1=" " ind2=" ">
      <subfield code="a">Wikipedia</subfield>
      <subfield code="u">https://de.wikipedia.org/wiki/Raschi</subfield>
    </datafield>
    <datafield tag="672" ind1=" " ind2="0">
      <subfield code="a">Pentateuchus</subfield>
      <subfield code="f">1561</subfield>
    </datafield>
    <datafield tag="672" ind1=" " ind2="0">
      <subfield code="a">Pentateuchus hebraicus et chaldaicus</subfield>
      <subfield code="f">1567</subfield>
    </datafield>
    <datafield tag="672" ind1=" " ind2="0">
      <subfield code="a">Pentateuchus</subfield>
      <subfield code="f">1583</subfield>
    </datafield>
    <datafield tag="672" ind1=" " ind2="0">
      <subfield code="a">Pentateuchus Hebraicus et Chaldaicus</subfield>
      <subfield code="f">1723</subfield>
    </datafield>
    <datafield tag="672" ind1=" " ind2="0">
      <subfield code="a">Pentateuchus Hebraicus et Chaldaicus</subfield>
      <subfield code="f">1736</subfield>
    </datafield>
    <datafield tag="672" ind1=" " ind2="0">
      <subfield code="a">Pentateuchus Hebraicus</subfield>
      <subfield code="f">1749</subfield>
    </datafield>
    <datafield tag="672" ind1=" " ind2="0">
      <subfield code="a">Pentateuchus Hebraicus et Chaldaicus</subfield>
      <subfield code="f">1765</subfield>
    </datafield>
    <datafield tag="672" ind1=" " ind2="0">
      <subfield code="a">Pentateuchus</subfield>
      <subfield code="f">1833</subfield>
    </datafield>
    <datafield tag="672" ind1=" " ind2="0">
      <subfield code="a">Prophetae omnes priores et posteriores cum Hagiographis</subfield>
      <subfield code="f">1684</subfield>
    </datafield>
    <datafield tag="672" ind1=" " ind2="0">
      <subfield code="a">Psalmi</subfield>
      <subfield code="f">1549</subfield>
    </datafield>
    <datafield tag="672" ind1=" " ind2="0">
      <subfield code="a">Pentateuchus, Hebraice, Chaldaice, Persice, Arabice, cum commentario Raschi.</subfield>
    </datafield>
    <datafield tag="672" ind1=" " ind2="0">
      <subfield code="a">\=H [Hrsg. v. Israel Sifroni</subfield>
    </datafield>
    <datafield tag="672" ind1=" " ind2="0">
      <subfield code="a">komm. v. Šelomo ben Yiṣḥāq, Moses ben Maimūn, Ya\'aqôv ben Āšēr]</subfield>
    </datafield>
    <datafield tag="672" ind1=" " ind2="0">
      <subfield code="a">\=H MASSECHET CHERETHOTH OPVS IN QVO DE PERDITIONE ANIMARVM TRACTATVR, Nunc recognitum à MARCO MARINO Brix. Can. regul. D. Seruatoris, ac iuxta mentem S. concilij Tridentini approbatum.[H</subfield>
    </datafield>
    <datafield tag="672" ind1=" " ind2="0">
      <subfield code="a">\=H MASSECHETH CHETVBOTH HOC EST TRACTATVS CONTRACTVVM,IN QVO AGITVR DE contractibus dotium et obligationum quas et vir erga vxorem, et vxor erga virum seruare debebant. Nunc recognitum et</subfield>
    </datafield>
    <datafield tag="672" ind1=" " ind2="0">
      <subfield code="a">\=H MASSECHETH NIDAH IN QVO DE MENSTRVATIS ET PVERPERIS AGITVR. Nunc recognitum ac iuxta mentem S. concilij Tridentini approbatum.[Hrsg. v. Israel Sifroni</subfield>
    </datafield>
    <datafield tag="672" ind1=" " ind2="0">
      <subfield code="a">komm. v. Šelomo ben Yiṣḥāq</subfield>
    </datafield>
    <datafield tag="672" ind1=" " ind2="0">
      <subfield code="a">\=H MASSECHETH SVCAH OPVS, IN QVO AGITVR DE TABERNACVLORVM FESTO, nunc recognitum à MARCO MARINO Brix. Can. regul. D. Seruatoris ... [Hrsg. v. Israel Sifroni</subfield>
    </datafield>
    <datafield tag="672" ind1=" " ind2="0">
      <subfield code="a">komm. v. Šelomo ben Yiṣḥā</subfield>
    </datafield>
    <datafield tag="672" ind1=" " ind2="0">
      <subfield code="a">... \=H Massecheth Mehilah, hoc est transgressionis. Mass. Chinim, de oblationibus pullorum auium. Mass. Midoth, de mensuris templi. Mass. Tamid, de iugi sacrificio.[Hrsg. v. Israel Sifroni</subfield>
    </datafield>
    <datafield tag="672" ind1=" " ind2="0">
      <subfield code="a">komm.</subfield>
    </datafield>
    <datafield tag="678" ind1=" " ind2=" ">
      <subfield code="b">Jüd. Religionswissenschaftler aus Troyes, bedeutendster jüd. Talmud- und Bibelkommentator</subfield>
    </datafield>
    <datafield tag="700" ind1="0" ind2="7">
      <subfield code="a">Rashi</subfield>
      <subfield code="d">1040-1105</subfield>
      <subfield code="0">(DLC)n 50082616</subfield>
      <subfield code="2">naf</subfield>
    </datafield>
    <datafield tag="700" ind1="0" ind2="4">
      <subfield code="9">U:Hebr</subfield>
      <subfield code="a">שלמה בן יצחק</subfield>
      <subfield code="c">רש"י</subfield>
      <subfield code="d">1040-1105</subfield>
      <subfield code="5">DE-576</subfield>
      <subfield code="9">v:Original</subfield>
    </datafield>
    <datafield tag="913" ind1=" " ind2=" ">
      <subfield code="S">pnd</subfield>
      <subfield code="i">5</subfield>
      <subfield code="a">Shelomoh ben Yitsḥaḳ</subfield>
      <subfield code="0">(DE-588a)118598325</subfield>
    </datafield>
    <datafield tag="913" ind1=" " ind2=" ">
      <subfield code="S">pnd</subfield>
      <subfield code="i">5</subfield>
      <subfield code="a">Raschi</subfield>
      <subfield code="0">(DE-588a)118598325</subfield>
    </datafield>
  </record>
